@book{BradyEtAl2008,
  title = {The Nature and Properties of Soils},
  author = {Brady, Nyle C. and Weil, Ray R.},
  year = {2008},
  edition = {14th ed},
  publisher = {Pearson Prentice Hall},
  address = {Upper Saddle River, N.J},
  isbn = {978-0-13-227938-3},
  keywords = {Soil science,Soils},
  lccn = {S591 .B79 2008},
  timestamp = {2020-12-16T16:40:05Z}
}
