
@InProceedings{Samuel-RosaEtAl2018a,
  author       = {Samuel-Rosa, Alessandro and Dalmolin, Ricardo Simão Diniz and Gubiani, Paulo Ivonir and Teixeira, Wenceslau Geraldes and Oliveira, Stanley Robson de Medeiros and Viana, João Herbert Moreira and Tornquist, Carlos Gustavo and Anjos, Lúcia Helena Cunha dos and Souza, José João Lelis Leal de and Ribeiro, Eloi Carvalho and Ottoni, Marta Vasconcelos and Medeiros, Paula Suélen Corrêa de and Reichert, José Miguel and Siqueira, Diego Silva and Marques Júnior, José and Demattê, José Alexandre Melo and Dotto, André Carnieletto and Collier, Leonardo Santos and Vasques, Gustavo de Mattos and Valladares, Gustavo Souza and Pedron, Fabrício de Araújo and Pedroso Neto, João Chrisóstomo and Alba, José Maria Filippini and Oliveira, Ronaldo Pereira de and Caviglione, João Henrique and Miguel, Pablo and Santos, Humberto Gonçalvez dos and Flores, Carlos Alberto and Lepsch, Igo Fernando and Gris, Diego José and Rosin, Nícolas Augusto and Moura-Bueno, Jean Michel},
  title        = {Bringing together {B}razilian soil scientists to share soil data},
  booktitle    = {Reunião {S}ul-{B}rasileira de {C}iência do {S}olo -- {S}olo, água, ar e biodiversidade: compostos essenciais para a vida},
  year         = {2018},
  eventdate    = {2018-04-15},
  volume       = {12},
  organization = {Sociedade Brasileira de Ciência do Solo - Núcleo Regional Sul},
  location     = {Xanxerê, SC, Brasil},
  pages        = {4},
  url          = {http://www.sbcs-nrs.org.br/rsbcs/}
}
