
@Article{Samuel-RosaEtAl2015,
  author   = {Alessandro Samuel-Rosa and Gerard B M Heuvelink and Gustavo Mattos Vasques and L{\'u}cia Helena Cunha Anjos},
  title    = {Do more detailed environmental covariates deliver more accurate soil maps?},
  journal  = {Geoderma},
  year     = {2015},
  pages    = {214--227},
  volume   = {243--244},
  month    = {5},
  doi      = {10.1016/j.geoderma.2014.12.017},
  file     = {Samuel-RosaEtAl2015.pdf:Samuel-RosaEtAl2015.pdf:PDF},
  keywords = {mean rank;},
}
